<?xml version="1.0" encoding="UTF-8"?>
<collection xmlns:xsi="http://www.w3.org/2001/XMLSchema-instance" xsi:schemaLocation="http://www.loc.gov/MARC21/slim http://www.loc.gov/standards/marcxml/schema/MARC21slim.xsd" xmlns="http://www.loc.gov/MARC21/slim">
<record>
  <leader>00930cam a2200229 i 4500</leader>
  <controlfield tag="001">241540</controlfield>
  <controlfield tag="003">NNC</controlfield>
  <controlfield tag="005">20130423015519.0</controlfield>
  <controlfield tag="008">840725r19711924iq            000 0 ara d</controlfield>
  <datafield tag="035" ind1=" " ind2=" ">
    <subfield code="a">(OCoLC)478818332</subfield>
  </datafield>
  <datafield tag="035" ind1=" " ind2=" ">
    <subfield code="a">(OCoLC)ocn478818332</subfield>
  </datafield>
  <datafield tag="035" ind1=" " ind2=" ">
    <subfield code="a">(CStRLIN)NYCG84-B47068</subfield>
  </datafield>
  <datafield tag="035" ind1=" " ind2=" ">
    <subfield code="9">ABB4347CU</subfield>
  </datafield>
  <datafield tag="035" ind1=" " ind2=" ">
    <subfield code="a">(NNC)241540</subfield>
  </datafield>
  <datafield tag="040" ind1=" " ind2=" ">
    <subfield code="a">NNC</subfield>
    <subfield code="c">NNC</subfield>
  </datafield>
  <datafield tag="090" ind1=" " ind2=" ">
    <subfield code="a">BP136.48</subfield>
    <subfield code="b">.I16 1971</subfield>
  </datafield>
  <datafield tag="100" ind1="1" ind2=" ">
    <subfield code="a">Ibn Abī Ḥātim, ʻAbd al-Raḥmān ibn Muḥammad,</subfield>
    <subfield code="d">854 or 855-938.</subfield>
  </datafield>
  <datafield tag="245" ind1="1" ind2="0">
    <subfield code="a">ʻIlal al-ḥadīth /</subfield>
    <subfield code="c">taʾlīf Abī Muḥammad ʻAbd al-Raḥmān al-Rāzī ibn Abī Ḥātim Muḥammad ibn Idrīs ibn al-Mundhir ibn Dāwud ibn Mahrān Mūlá Tamīm ibn Ḥanẓalah al-Ghaṭfānī.</subfield>
  </datafield>
  <datafield tag="260" ind1=" " ind2=" ">
    <subfield code="a">Baghdād :</subfield>
    <subfield code="b">Yuṭlabu min Maktabat al-Muthanná,</subfield>
    <subfield code="c">[1971?]</subfield>
  </datafield>
  <datafield tag="300" ind1=" " ind2=" ">
    <subfield code="a">2 v. ;</subfield>
    <subfield code="c">25 cm.</subfield>
  </datafield>
  <datafield tag="534" ind1="0" ind2=" ">
    <subfield code="p">Reprint.  Originally published:</subfield>
    <subfield code="c">1343 [1924 or 1925]</subfield>
  </datafield>
  <datafield tag="650" ind1="0" ind2="0">
    <subfield code="a">Hadith</subfield>
    <subfield code="x">Authorities</subfield>
    <subfield code="v">Early works to 1800.</subfield>
  </datafield>
  <datafield tag="955" ind1=" " ind2=" ">
    <subfield code="b">0022106464</subfield>
    <subfield code="d">glx</subfield>
    <subfield code="e">BP136.48 .I16 1971</subfield>
    <subfield code="v">v.2</subfield>
  </datafield>
</record>
</collection>